@online{bddrustcrypto,
	title = "Showcase of notable cryptography libraries developed in Rust",
	url = "cryptography.rs"
}

@book{courscourt,
	title = {The Joy of Cryptography},
	author = {Mike Rosulek},
	year = {2021}
}

@book{courslong,
	title = {A Graduate Course In Applied Cryptography},
	author = {Dan Boneh and Victor Shoup},
	year = {2023}
}

@article{eddsa,
	title = {Edwards-Curve Digital Signature Algorithm (EdDSA)},
	author = {S. Josefsson and I. Liusvaara},
	year = {2017}
}
